{
    "generated_at": "2025-11-28T23:59:08.092725",
    "lookback_days": 365,
    "account": {
        "cash_cents": 5484,
        "positions_cents": 0,
        "cash": 54.84,
        "positions_value": 0.0,
        "portfolio_total": 0.0,
        "updated_ts": null
    },
    "fills_last_n_days": [
        {
            "fill_id": "d24713bf-79d8-6111-095b-455f93112f86",
            "order_id": "0ea66d78-5bd0-48d5-ac92-d0a998fe84c6",
            "ticker": "KXNFLGAME-25NOV28CHIPHI-PHI",
            "side": "yes",
            "action": "buy",
            "count": 6,
            "price": 0.3,
            "is_taker": true,
            "created_time": "2025-11-28T22:23:06.945268+00:00"
        },
        {
            "fill_id": "5f97babc-de6a-4f7b-c43a-8c016dcca3d5",
            "order_id": "324d365d-c235-405c-9ec6-aab9d48e5a2b",
            "ticker": "KXNFLGAME-25NOV28CHIPHI-CHI",
            "side": "no",
            "action": "sell",
            "count": 10,
            "price": 0.7,
            "is_taker": true,
            "created_time": "2025-11-28T22:22:44.292196+00:00"
        },
        {
            "fill_id": "7d03acde-07de-6d43-e99a-b2f2e0289021",
            "order_id": "299beff6-4738-4b18-99cb-1db81357db5a",
            "ticker": "KXNCAAFGAME-25NOV28TXAMTEX-TEX",
            "side": "yes",
            "action": "buy",
            "count": 11,
            "price": 0.43,
            "is_taker": true,
            "created_time": "2025-11-28T21:35:03.014094+00:00"
        },
        {
            "fill_id": "5752b80a-afdb-4872-2b34-5ee25ccba38c",
            "order_id": "3c7ad533-953d-414b-a599-3a687e24c13e",
            "ticker": "KXNFLGAME-25NOV28CHIPHI-CHI",
            "side": "yes",
            "action": "buy",
            "count": 10,
            "price": 0.44,
            "is_taker": true,
            "created_time": "2025-11-28T20:52:29.669822+00:00"
        },
        {
            "fill_id": "57d2f03f-84f1-5d59-59cf-6058859db7e9",
            "order_id": "0f9ea750-ff82-445c-be8e-643cbd7481ca",
            "ticker": "KXNFLGAME-25NOV28CHIPHI-CHI",
            "side": "no",
            "action": "sell",
            "count": 36,
            "price": 0.46,
            "is_taker": true,
            "created_time": "2025-11-28T20:52:00.558443+00:00"
        },
        {
            "fill_id": "402665ce-5268-6432-9e2e-57e9ca9e8da0",
            "order_id": "2ccab0ae-ee89-4a8b-8fcf-bb638f12a841",
            "ticker": "KXNFLGAME-25NOV28CHIPHI-CHI",
            "side": "yes",
            "action": "buy",
            "count": 36,
            "price": 0.26,
            "is_taker": true,
            "created_time": "2025-11-28T17:02:24.325077+00:00"
        },
        {
            "fill_id": "dd9b6b41-6d96-756f-b838-2e748c86d3e1",
            "order_id": "615eb7a1-9cf3-4cd8-8673-86f429a191a2",
            "ticker": "KXNFLGAME-25NOV27CINBAL-CIN",
            "side": "no",
            "action": "sell",
            "count": 56,
            "price": 0.9,
            "is_taker": true,
            "created_time": "2025-11-28T04:04:38.396853+00:00"
        },
        {
            "fill_id": "31bd91f4-956b-71dc-49cd-50977b4f9d40",
            "order_id": "a38faba0-b7cb-4fea-bf1d-5cd062c7e44a",
            "ticker": "KXNFLGAME-25NOV27CINBAL-CIN",
            "side": "yes",
            "action": "buy",
            "count": 56,
            "price": 0.87,
            "is_taker": true,
            "created_time": "2025-11-28T04:00:45.219963+00:00"
        },
        {
            "fill_id": "d4505986-5265-6768-d405-59dc9d667334",
            "order_id": "94d1e84e-3cb2-4bd9-9f55-4ac399a5e06b",
            "ticker": "KXNFLGAME-25NOV27CINBAL-BAL",
            "side": "no",
            "action": "sell",
            "count": 16,
            "price": 0.12,
            "is_taker": true,
            "created_time": "2025-11-28T03:59:14.380169+00:00"
        },
        {
            "fill_id": "69707c77-4f95-7a94-8223-81de202cffa3",
            "order_id": "804f1d44-3f38-4f42-8ded-9a051fbbe3ff",
            "ticker": "KXNFLGAME-25NOV27CINBAL-BAL",
            "side": "yes",
            "action": "buy",
            "count": 16,
            "price": 0.31,
            "is_taker": true,
            "created_time": "2025-11-28T03:45:41.116022+00:00"
        },
        {
            "fill_id": "0e2ff3de-c616-61cb-75a3-1691897aeef7",
            "order_id": "aac6bda2-4553-4912-bb32-ae6c7999aa60",
            "ticker": "KXNFLGAME-25NOV27CINBAL-BAL",
            "side": "no",
            "action": "sell",
            "count": 10,
            "price": 0.43,
            "is_taker": true,
            "created_time": "2025-11-28T03:45:14.095041+00:00"
        },
        {
            "fill_id": "6145b0df-1e79-7483-e6b3-1a78f837218e",
            "order_id": "a7dbd232-3f04-4ed9-94c3-a96216d477cb",
            "ticker": "KXNFLGAME-25NOV27CINBAL-BAL",
            "side": "yes",
            "action": "buy",
            "count": 10,
            "price": 0.45,
            "is_taker": true,
            "created_time": "2025-11-28T03:26:44.959173+00:00"
        },
        {
            "fill_id": "f6e72bdd-b3d6-75a7-cdbe-b896fa7091ce",
            "order_id": "7238b644-8454-4e78-9fb9-f47fb8a44277",
            "ticker": "KXNFLGAME-25NOV27CINBAL-CIN",
            "side": "no",
            "action": "sell",
            "count": 61,
            "price": 0.55,
            "is_taker": true,
            "created_time": "2025-11-28T03:24:47.367796+00:00"
        },
        {
            "fill_id": "f05ee402-11ec-73bf-4d61-8ec55b8d4c86",
            "order_id": "f45ea9c1-ec1e-4dcf-b0c1-1623bd4624a6",
            "ticker": "KXNFLGAME-25NOV27CINBAL-CIN",
            "side": "yes",
            "action": "buy",
            "count": 61,
            "price": 0.31,
            "is_taker": true,
            "created_time": "2025-11-28T01:29:50.351649+00:00"
        },
        {
            "fill_id": "5ee7f88a-89cb-5f79-494d-1abbdc404b0c",
            "order_id": "e2335c33-832a-4480-b32e-35c8af0ed4eb",
            "ticker": "KXNFLGAME-25NOV27CINBAL-CIN",
            "side": "no",
            "action": "sell",
            "count": 20,
            "price": 0.32,
            "is_taker": true,
            "created_time": "2025-11-28T01:29:34.990498+00:00"
        },
        {
            "fill_id": "dfb7fa7f-0863-7bee-94d5-05077286b9e7",
            "order_id": "1e98d58e-c34d-4db5-8512-36e193433d84",
            "ticker": "KXNFLGAME-25NOV27CINBAL-CIN",
            "side": "yes",
            "action": "buy",
            "count": 20,
            "price": 0.23,
            "is_taker": true,
            "created_time": "2025-11-28T01:00:40.475852+00:00"
        },
        {
            "fill_id": "82d23de0-a3c2-4d68-6ce5-3bbb7000f2b5",
            "order_id": "c4a09c32-2006-41e6-b21f-604585b04a50",
            "ticker": "KXNFLGAME-25NOV27KCDAL-KC",
            "side": "no",
            "action": "sell",
            "count": 7,
            "price": 0.15,
            "is_taker": true,
            "created_time": "2025-11-28T00:35:09.560656+00:00"
        },
        {
            "fill_id": "d78812e0-7653-53b3-be91-c7ca8ac731e9",
            "order_id": "2031c581-8c7a-45d3-82bb-ef26ba08b210",
            "ticker": "KXNFLGAME-25NOV27KCDAL-KC",
            "side": "yes",
            "action": "buy",
            "count": 7,
            "price": 0.26,
            "is_taker": true,
            "created_time": "2025-11-28T00:31:17.504684+00:00"
        },
        {
            "fill_id": "1ba211cd-0922-54ee-0a59-ff9a30bff56f",
            "order_id": "fa130a00-5798-45cc-afdc-7303ffbb8d4a",
            "ticker": "KXNFLGAME-25NOV27KCDAL-DAL",
            "side": "no",
            "action": "sell",
            "count": 11,
            "price": 0.75,
            "is_taker": true,
            "created_time": "2025-11-28T00:30:26.661602+00:00"
        },
        {
            "fill_id": "32dcc2eb-ce2d-6b04-289c-d1501001c2dd",
            "order_id": "6226fa8b-12d0-4831-a798-8d7309883328",
            "ticker": "KXNFLGAME-25NOV27KCDAL-DAL",
            "side": "yes",
            "action": "buy",
            "count": 11,
            "price": 0.43,
            "is_taker": true,
            "created_time": "2025-11-28T00:09:16.121810+00:00"
        },
        {
            "fill_id": "4020d3d6-e0a2-4797-0117-34aa0adfffaa",
            "order_id": "57723181-1581-40b2-a1c3-85e1aee81a93",
            "ticker": "KXNFLGAME-25NOV27KCDAL-KC",
            "side": "no",
            "action": "sell",
            "count": 16,
            "price": 0.57,
            "is_taker": true,
            "created_time": "2025-11-28T00:08:53.379465+00:00"
        },
        {
            "fill_id": "08d4af54-becd-668d-855a-16a610ffdd3f",
            "order_id": "0dc97a05-9eac-4b81-834d-9e303edffed8",
            "ticker": "KXNFLGAME-25NOV27KCDAL-KC",
            "side": "yes",
            "action": "buy",
            "count": 16,
            "price": 0.29,
            "is_taker": true,
            "created_time": "2025-11-27T23:49:25.829229+00:00"
        },
        {
            "fill_id": "89be5e6c-8b8a-7661-b2de-4490407455ba",
            "order_id": "e0ca0443-838a-4c77-8499-71019a549296",
            "ticker": "KXNFLGAME-25NOV27KCDAL-DAL",
            "side": "no",
            "action": "sell",
            "count": 12,
            "price": 0.71,
            "is_taker": true,
            "created_time": "2025-11-27T23:49:04.151506+00:00"
        },
        {
            "fill_id": "6181e5c0-f60b-7b91-2e86-27db7fb613a9",
            "order_id": "f297754e-e600-4f9d-af68-0fb51cc63f18",
            "ticker": "KXNFLGAME-25NOV27KCDAL-DAL",
            "side": "yes",
            "action": "buy",
            "count": 12,
            "price": 0.38,
            "is_taker": true,
            "created_time": "2025-11-27T21:01:59.389914+00:00"
        },
        {
            "fill_id": "27ff2d51-e144-6718-665b-f108ff58c96c",
            "order_id": "bfe1e8be-2985-4a42-b225-9877b2e86ee6",
            "ticker": "KXNFLGAME-25NOV27GBDET-GB",
            "side": "no",
            "action": "sell",
            "count": 24,
            "price": 0.9,
            "is_taker": true,
            "created_time": "2025-11-27T20:58:21.786990+00:00"
        },
        {
            "fill_id": "c87f2282-b516-7e62-6fda-fe3fb70e22a0",
            "order_id": "39ad03a5-4b6b-4e04-b6f7-1539d5418396",
            "ticker": "KXNFLGAME-25NOV27GBDET-GB",
            "side": "yes",
            "action": "buy",
            "count": 24,
            "price": 0.41,
            "is_taker": true,
            "created_time": "2025-11-27T15:47:02.267362+00:00"
        },
        {
            "fill_id": "b7ceb0e5-1ea3-5b8a-f3e0-1e02f06149db",
            "order_id": "9a7ed0f6-d29c-443b-95b7-3c81b91312a1",
            "ticker": "KXHIGHAUS-25NOV26-B65.5",
            "side": "yes",
            "action": "buy",
            "count": 11,
            "price": 0.82,
            "is_taker": true,
            "created_time": "2025-11-26T20:57:58.067594+00:00"
        },
        {
            "fill_id": "f7c9750f-cb03-5e4c-fe35-12bcfe2a97d8",
            "order_id": "5d497caf-04fe-4431-921f-0c28d5e259bf",
            "ticker": "KXZELENSKYYPUTINMEET-26",
            "side": "yes",
            "action": "buy",
            "count": 6,
            "price": 0.14,
            "is_taker": true,
            "created_time": "2025-11-26T20:42:04.716006+00:00"
        },
        {
            "fill_id": "8b782715-0948-5ca0-e1d8-922613a8f832",
            "order_id": "5d497caf-04fe-4431-921f-0c28d5e259bf",
            "ticker": "KXZELENSKYYPUTINMEET-26",
            "side": "yes",
            "action": "buy",
            "count": 54,
            "price": 0.14,
            "is_taker": true,
            "created_time": "2025-11-26T20:42:04.716006+00:00"
        },
        {
            "fill_id": "745f2125-fa83-5b5d-ca57-be7801a5df66",
            "order_id": "5d497caf-04fe-4431-921f-0c28d5e259bf",
            "ticker": "KXZELENSKYYPUTINMEET-26",
            "side": "yes",
            "action": "buy",
            "count": 6,
            "price": 0.14,
            "is_taker": true,
            "created_time": "2025-11-26T20:42:04.716006+00:00"
        },
        {
            "fill_id": "24b1fe07-082c-5914-d7f5-1e7cbb509274",
            "order_id": "cd761ee2-77bd-4753-91ff-30ba750d430f",
            "ticker": "KXHEISMAN-26-DPAV",
            "side": "yes",
            "action": "buy",
            "count": 45,
            "price": 0.1,
            "is_taker": true,
            "created_time": "2025-11-25T19:45:40.618516+00:00"
        },
        {
            "fill_id": "c2b4e197-7650-5095-50a1-778d4c7d10e8",
            "order_id": "181f505a-369a-47ed-b46f-30852c775542",
            "ticker": "KXHEISMAN-26-JLOV",
            "side": "yes",
            "action": "buy",
            "count": 26,
            "price": 0.18,
            "is_taker": true,
            "created_time": "2025-11-25T19:45:03.871428+00:00"
        }
    ],
    "settlements_last_n_days": [],
    "summary": {
        "total_invested": 155.01,
        "reinvested": 155.01,
        "cash_invested": 0.0,
        "realized_pnl": 0.0,
        "return_rate": 0.0,
        "cash_in": 0.0,
        "cash_out": 0.0,
        "cumulative_series": [],
        "total_deposits": 40.0,
        "account_value": 0.0,
        "unrealized_pnl": -40.0,
        "net_profit": -40.0,
        "house_money_pct": 0.0
    }
}